@misc{wolframmath,
  title = {Least Squares Fitting--Polynomial},
  howpublished = {\url{http://mathworld.wolfram.com/LeastSquaresFittingPolynomial.html}},
  note = {Luettu 15.10.2015}
}
@misc{voesnek,
  title = {Implementing a Fourth Order Runge-Kutta Method for Orbit Simulation},
  author = {C. J. Voesnek},
  howpublished = {\url{http://spiff.rit.edu/richmond/nbody/OrbitRungeKutta4.pdf}},
  note = {Luettu 17.12.2015}
}
@misc{exob,
  title = {exoplanet.eu: Planet HR 8799 b},
  howpublished = {\url{http://exoplanet.eu/catalog/hr_8799_b/#9048}},
  note = {Luettu 17.12.2015}
}
@misc{exoc,
  title = {exoplanet.eu: Planet HR 8799 c},
  howpublished = {\url{http://exoplanet.eu/catalog/hr_8799_c/#9048}},
  note = {Luettu 17.12.2015}
}
@misc{exod,
  title = {exoplanet.eu: Planet HR 8799 d},
  howpublished = {\url{http://exoplanet.eu/catalog/hr_8799_d/}},
  note = {Luettu 17.12.2015}
}
@misc{exoe,
  title = {exoplanet.eu: Planet HR 8799 e},
  howpublished = {\url{http://exoplanet.eu/catalog/hr_8799_e/}},
  note = {Luettu 17.12.2015}
}
